@article{assis,
author = {Machado de Assis},
title = {Obra completa em quatro volumes},
year = {2008}
}
